<?xml version='1.0' encoding='UTF-8'?>
<record xmlns="http://www.loc.gov/MARC21/slim">
  <leader>00834cam a22001931a 4500</leader>
  <controlfield tag="001">3206720</controlfield>
  <controlfield tag="003">NjP</controlfield>
  <controlfield tag="005">20171214171925.0</controlfield>
  <controlfield tag="008">000724s1963    sy b     b    000 0 arard</controlfield>
  <datafield tag="024" ind1="7" ind2=" ">
    <subfield code="a">princeton_aco001945</subfield>
    <subfield code="2">local</subfield>
  </datafield>
  <datafield ind1=" " ind2=" " tag="010">
    <subfield code="a">67001549</subfield>
  </datafield>
  <datafield ind1=" " ind2=" " tag="040">
    <subfield code="a">NjP</subfield>
    <subfield code="c">NjP</subfield>
  </datafield>
  <datafield ind1="1" ind2=" " tag="100">
    <subfield code="a">Dawālībī, Muḥammad Maʻrūf,</subfield>
    <subfield code="d">1907-</subfield>
    <subfield code="0">http://id.loc.gov/authorities/names/n81092484</subfield>
  </datafield>
  <datafield ind1="1" ind2="3" tag="245">
    <subfield code="a">al-Wajīz fī al-ḥuqūq al-Rūmānīyah wa-tārīkhihā /</subfield>
    <subfield code="c">taʾlīf Muḥammad Maʻrūf al-Dawālībī.</subfield>
  </datafield>
  <datafield ind1=" " ind2=" " tag="250">
    <subfield code="a">al-Ṭabʻah 5 mazīdah wa-munaqqaḥa.</subfield>
  </datafield>
  <datafield ind1=" " ind2=" " tag="260">
    <subfield code="a">Ḥalab :</subfield>
    <subfield code="b">Maktabat al-Sharq,</subfield>
    <subfield code="c">1963.</subfield>
  </datafield>
  <datafield ind1=" " ind2=" " tag="300">
    <subfield code="a">2 v. in 1 :</subfield>
    <subfield code="b">map. ;</subfield>
    <subfield code="c">25 cm.</subfield>
  </datafield>
  <datafield ind1=" " ind2=" " tag="504">
    <subfield code="a">Includes bibliographical references.</subfield>
  </datafield>
  <datafield ind1=" " ind2="0" tag="650">
    <subfield code="a">Roman law.</subfield>
    <subfield code="0">http://id.loc.gov/authorities/subjects/sh85114931</subfield>
  </datafield>
  <datafield ind1=" " ind2=" " tag="902">
    <subfield code="a">jab</subfield>
    <subfield code="b">r</subfield>
    <subfield code="c">b</subfield>
    <subfield code="d">v</subfield>
    <subfield code="e">20000728</subfield>
    <subfield code="f">0</subfield>
  </datafield>
  <datafield ind1="0" ind2=" " tag="852">
    <subfield code="0">3528929</subfield>
    <subfield code="b">nec</subfield>
    <subfield code="h">KJA147</subfield>
    <subfield code="i">.D393 1963</subfield>
  </datafield>
  <datafield ind1=" " ind2=" " tag="866">
    <subfield code="0">3528929</subfield>
    <subfield code="a">v. 1-2.</subfield>
  </datafield>
  <datafield ind1=" " ind2=" " tag="959">
    <subfield code="a">2009-10-29 15:52:57 -0400</subfield>
  </datafield>
</record>
